@inproceedings{sariyuce2013incremental,
  title={Incremental algorithms for closeness centrality},
  author={Sariy{\"u}ce, Ahmet Erdem and Kaya, Kamer and Saule, Erik and {\c{C}}atalyiirek, {\"U}mit V},
  booktitle={2013 IEEE International Conference on Big Data},
  pages={487--492},
  year={2013},
  organization={IEEE}
}
@inproceedings{sariyuce2013streamer,
  title={STREAMER: a distributed framework for incremental closeness centrality computation},
  author={Sariy{\"u}ce, Ahmet Erdem and Saule, Erik and Kaya, Kamer and {\c{C}}ataly{\"u}rek, {\"U}mit V},
  booktitle={2013 IEEE International Conference on Cluster Computing (CLUSTER)},
  pages={1--8},
  year={2013},
  organization={IEEE}
}
@article{sariyuce2015incremental,
  title={Incremental closeness centrality in distributed memory},
  author={Sar{\i}y{\"u}ce, Ahmet Erdem and Saule, Erik and Kaya, Kamer and {\c{C}}ataly{\"u}rek, {\"U}mit V},
  journal={Parallel Computing},
  volume={47},
  pages={3--18},
  year={2015},
  publisher={Elsevier}
}